@inproceedings{aes,
  title={The block cipher Rijndael},
  author={Daemen, Joan and Rijmen, Vincent},
  booktitle={Smart Card Research and Applications},
  pages={277--284},
  year={2000},
  organization={Springer},
}

@techreport{blockmodes,
  author={Dworkin, Morris},
  title={Recommendation for Block Cipher Modes of Operation: Methods and 
    Techniques},
  type={Special Publication},
  number={800-38A},
  institution={National Institute of Standards and Technology},
  year={2001},
  URL={http://csrc.nist.gov/publications/nistpubs/800-38a/sp800-38a.pdf},
}

@techreport{shs,
  author={{Information Technology Laboratory}},
  title={Secure Hash Standard (SHS)},
  type={Federal Information Processing Standards Publication},
  number={180-4},
  institution={National Institute of Standards and Technology},
  year={2012},
  month={3},
  URL={http://csrc.nist.gov/publications/fips/fips180-4/fips-180-4.pdf},
}

@inproceedings{bcrypt,
  author={Niels Provos and David Mazi√®res},
  title={A Future-Adaptable Password Scheme},
  booktitle={Proceedings of the FREENIX Track: 1999 USENIX Annual Technical 
    Conference},
  year={1999},
  URL={https://www.usenix.org/conference/1999-usenix-annual-technical-conference/future-adaptable-password-scheme},
}

@article{rsa,
  title={A method for obtaining digital signatures and public-key 
    cryptosystems},
  author={Rivest, Ronald L and Shamir, Adi and Adleman, Len},
  journal={Communications of the ACM},
  volume={21},
  number={2},
  pages={120--126},
  year={1978},
  publisher={ACM},
  URL={https://dl.acm.org/citation.cfm?id=359342},
}

@misc{snort,
  author={{The Snort Project}},
  title={SNORT Users Manual},
  year={2013},
  month={5},
  URL={http://s3.amazonaws.com/snort-org/www/assets/166/snort_manual.pdf},
}
@misc{ossec,
  author={{Trend Micro}},
  title={OSSEC: Open Source SECurity},
  URL={http://www.ossec.net/},
}
